@inproceedings{Liu2007,
   author = {T Liu and H Huang},
   doi = {10.1109/ICNC.2007.483},
   journal = {Third International Conference on Natural Computation (ICNC 2007)},
   month = {8},
   pages = {492-498},
   title = {Multi-agent Simulation on Day-to-Day Route Choice Behavior},
   volume = {5},
   year = {2007},
}
@article{Zheng2013,
   author = {Hong Zheng and Young-Jun Son and Yi-Chang Chiu and Larry Head and Yiheng Feng and Hui Xi and Sojung Kim and Mark Hickman},
   editor = {University of Arizona},
   issue = {FHWA-HRT-13-054},
   month = {11},
   title = {A Primer for Agent-Based Simulation and Modeling in Transportation Applications},
   year = {2013},
}
@article{Nakayama2001,
   author = {Shoichiro Nakayama and Ryuichi Kitamura and Satoshi Fujii},
   doi = {10.3141/1752-09},
   issn = {0361-1981},
   issue = {1},
   journal = {Transportation Research Record},
   month = {1},
   pages = {62-68},
   title = {Driversâ€™ Route Choice Rules and Network Behavior: Do Drivers Become Rational and Homogeneous Through Learning?},
   volume = {1752},
   year = {2001},
}
@article{Chen2004,
   author = {Roger Chen and Hani S Mahmassani},
   doi = {10.3141/1894-22},
   issn = {0361-1981},
   issue = {1},
   journal = {Transportation Research Record},
   month = {1},
   pages = {209-221},
   title = {Travel Time Perception and Learning Mechanisms in Traffic Networks},
   volume = {1894},
   year = {2004},
}
@article{Wei2014,
   author = {Fangfang Wei and Shoufeng Ma and Jia Ning},
   doi = {10.1155/2014/646548},
   journal = {Mathematical Problems in Engineering},
   month = {9},
   title = {A Day-to-Day Route Choice Model Based on Reinforcement Learning},
   volume = {2014},
   year = {2014},
}

@article{Watling2003,
   author = {David Watling and Martin L Hazelton},
   doi = {10.1023/A:1025398302560},
   issn = {1572-9427},
   issue = {3},
   journal = {Networks and Spatial Economics},
   month = {9},
   pages = {349-370},
   title = {The Dynamics and Equilibria of Day-to-Day Assignment Models},
   volume = {3},
   year = {2003},
}
@book_section{Nakayama2009,
   author = {Shoichiro Nakayama},
   city = {Boston, MA},
   doi = {10.1007/978-1-4419-0820-9_21},
   editor = {William H K Lam and S C Wong and Hong K Lo},
   isbn = {978-1-4419-0820-9},
   journal = {Transportation and Traffic Theory 2009: Golden Jubilee: Papers selected for presentation at ISTTT18, a peer reviewed series since 1959},
   pages = {425-440},
   publisher = {Springer US},
   title = {Bayesian Learning, Day-to-day Adjustment Process, and Stability of Wardrop Equilibrium},
   year = {2009},
}
@article{He2010,
   author = {Xiaozheng He and Xiaolei Guo and Henry X Liu},
   doi = {10.1016/j.trb.2009.10.001},
   issn = {0191-2615},
   issue = {4},
   journal = {Transportation Research Part B: Methodological},
   keywords = {Day-to-day traffic assignment model,Link-based,Wardrop user equilibrium},
   month = {5},
   pages = {597-608},
   title = {A link-based day-to-day traffic assignment model},
   volume = {44},
   year = {2010},
}
@article{Lee2010,
   author = {Seungho Lee and Young-Jun Son and Judy Jin},
   doi = {10.1145/1842722.1842728},
   issn = {1049-3301},
   issue = {4},
   journal = {ACM Trans. Model. Comput. Simul.},
   keywords = {BDI,Bayesian belief network,Emergency evacuation,human decision behavior,planning},
   month = {11},
   title = {An Integrated Human Decision Making Model for Evacuation Scenarios under a BDI Framework},
   volume = {20},
   year = {2010},
}
@article{Peeta2003,
   author = {S Peeta and T.-H. Yang},
   doi = {10.1016/S0005-1098(02)00179-6},
   issn = {0005-1098},
   issue = {1},
   journal = {Automatica},
   keywords = {Dynamical systems,Feedback control,Lyapunov methods,Stability analysis},
   month = {1},
   pages = {21-34},
   title = {Stability issues for dynamic traffic assignment},
   volume = {39},
   year = {2003},
}
@article{Parry2016,
   author = {Katharina Parry and David P Watling and Martin L Hazelton},
   doi = {10.1007/s13676-013-0037-x},
   issn = {2192-4384},
   issue = {1},
   journal = {EURO Journal on Transportation and Logistics},
   month = {3},
   pages = {5-23},
   title = {A new class of doubly stochastic day-to-day dynamic traffic assignment models},
   volume = {5},
   year = {2016},
}
@article{Hazelton2016,
   author = {Martin L Hazelton and Katharina Parry},
   doi = {10.1016/j.trb.2015.08.005},
   issn = {0191-2615},
   journal = {Special issue\: Day-to-Day Dynamics in Transportation Networks},
   keywords = {Bayesian,DIC,MCMC,Network,Route choice},
   month = {10},
   pages = {22-34},
   title = {Statistical methods for comparison of day-to-day traffic models},
   volume = {92},
   year = {2016},
}
@article{Li2018,
   author = {Ruijie Li and Xiaobo Liu and Yu (Marco) Nie},
   doi = {10.1016/j.trb.2018.06.004},
   issn = {0191-2615},
   journal = {Transportation Research Part B: Methodological},
   keywords = {Autonomous vehicle,Day-to-day dynamical model,Mixed equilibrium,Optimal control,Stochastic user equilibrium},
   month = {8},
   pages = {300-324},
   title = {Managing partially automated network traffic flow: Efficiency vs. stability},
   volume = {114},
   year = {2018},
}
@article{Liu2019,
   author = {Zhaocai Liu and Ziqi Song},
   doi = {10.1016/j.trc.2019.07.022},
   issn = {0968-090X},
   journal = {Transportation Research Part C: Emerging Technologies},
   keywords = {Autonomous vehicle/toll lanes,Autonomous vehicles,Dedicated autonomous vehicles lanes,Deployment planning,Mixed traffic,Robust optimization},
   month = {9},
   pages = {381-403},
   title = {Strategic planning of dedicated autonomous vehicle lanes and autonomous vehicle/toll lanes in transportation networks},
   volume = {106},
   year = {2019},
}
@article{Wang2019,
   author = {Jian Wang and Srinivas Peeta and Xiaozheng He},
   doi = {10.1016/j.trb.2019.05.022},
   issn = {0191-2615},
   journal = {Transportation Research Part B: Methodological},
   keywords = {Connected and autonomous vehicle,Cross-nested logit model,Mixed traffic equilibrium,Multiclass traffic assignment model,Sensitivity analysis},
   month = {8},
   pages = {139-168},
   title = {Multiclass traffic assignment model for mixed traffic flow of human-driven vehicles and connected and autonomous vehicles},
   volume = {126},
   year = {2019},
}
@article{Chen2017,
   author = {Danjue Chen and Soyoung Ahn and Madhav Chitturi and David A Noyce},
   doi = {10.1016/j.trb.2017.01.017},
   issn = {0191-2615},
   journal = {Transportation Research Part B: Methodological},
   keywords = {Automated vehicles (AV),Capacity,Distribution policy,Platooning},
   month = {6},
   pages = {196-221},
   title = {Towards vehicle automation: Roadway capacity formulation for traffic mixed with regular and automated vehicles},
   volume = {100},
   year = {2017},
}
@article{Horowitz1984,
   author = {Joel L Horowitz},
   doi = {10.1016/0191-2615(84)90003-1},
   issn = {0191-2615},
   issue = {1},
   journal = {Transportation Research Part B: Methodological},
   month = {2},
   pages = {13-28},
   title = {The stability of stochastic equilibrium in a two-link transportation network},
   volume = {18},
   year = {1984},
}
@article{Cascetta1989,
   author = {Ennio Cascetta},
   doi = {10.1016/0191-2615(89)90019-2},
   issn = {0191-2615},
   issue = {1},
   journal = {Transportation Research Part B: Methodological},
   month = {2},
   pages = {1-17},
   title = {A stochastic process approach to the analysis of temporal dynamics in transportation networks},
   volume = {23},
   year = {1989},
}
@article{Bert2015,
   author = {Michele Bertoncello and Dominik Wee},
   journal = {McKinsey And Company},
   title = {Ten ways autonomous driving could redefine the automotive world},
   volume = {6},
   year = {2015},
}
@article{Acker2012,
   author = {Evan Ackerman},
   journal = {IEEE Spectrum},
   title = {Study, intelligent cars could boost highway capacity by 273 percent},
   year = {2012},
}
@article{Daganzo1977,
   author = {Carlos F Daganzo and Yosef Sheffi},
   doi = {10.1287/trsc.11.3.253},
   issn = {0041-1655},
   issue = {3},
   journal = {Transportation Science},
   month = {8},
   pages = {253-274},
   title = {On Stochastic Models of Traffic Assignment},
   volume = {11},
   year = {1977},
}
@article{Bonabeau2002,
   author = {Eric Bonabeau},
   doi = {10.1073/pnas.082080899},
   issue = {suppl 3},
   journal = {Proceedings of the National Academy of Sciences},
   month = {5},
   pages = {7280},
   title = {Agent-based modeling: Methods and techniques for simulating human systems},
   volume = {99},
   year = {2002},
}
@inproceedings{Macal2005,
   author = {C. M. Macal and  M. J. North},
   doi = {10.1109/WSC.2005.1574234},
   isbn = {1558-4305},
   journal = {Proceedings of the Winter Simulation Conference, 2005.},
   keywords = {ABMS tutorial model,Application software,Computational modeling,Consumer behavior,Consumer electronics,Decision making,Laboratories,Predictive models,Stock markets,Supply chains,Tutorial,agent-based modeling,agent-based simulation,autonomous agent,decision making,deductive reasoning,digital simulation,inductive reasoning,interacting agent,modeling agent behavior,software agents,system modeling technique},
   month = {12},
   pages = {14 pp.},
   title = {Tutorial on agent-based modeling and simulation},
   year = {2005},
}
@inproceedings{Liu,
   author = {T. Liu and  H. Huang},
   doi = {10.1109/ICNC.2007.483},
   isbn = {2157-9563},
   journal = {Third International Conference on Natural Computation (ICNC 2007)},
   keywords = {Information systems,Laboratories,Multiagent systems,Predictive models,Random variables,Stochastic processes,Telecommunication traffic,Traffic control,day-to-day route choice behavior,grid network,logit-based stochastic user equilibrium,multi-agent systems,multiagent simulation,traffic engineering computing,traffic information},
   month = {8},
   pages = {492-498},
   title = {Multi-agent Simulation on Day-to-Day Route Choice Behavior},
   volume = {5},
   year = {2007},
}
@book{Jungnickel2013,
   author = {Dieter Jungnickel},
   city = {Berlin, Heidelberg},
   doi = {10.1007/978-3-642-32278-5},
   edition = {4},
   isbn = {978-3-642-32277-8},
   publisher = {Springer Berlin Heidelberg},
   title = {Graphs, Networks and Algorithms},
   year = {2013},
}
@article{Ford1956,
   author = {L. R. Ford and D. R. Fulkerson},
   doi = {10.4153/CJM-1956-045-5},
   issn = {0008-414X},
   journal = {Canadian Journal of Mathematics},
   month = {11},
   pages = {399-404},
   title = {Maximal Flow Through a Network},
   volume = {8},
   year = {1956},
}
@article{Ntous2015,
   author = {Ioannis A. Ntousakis and Ioannis K. Nikolos and Markos Papageorgiou},
   journal = {Transportation Research Procedia},
   pages = {111-127},
   title = {On Microscopic Modelling of Adaptive Cruise Control Systems},
   volume = {6},
   year = {2015},
}
@article{Wardrop1952,
   author = {John Glen Wardrop},
   issue = {3},
   journal = {Proceedings of the institution of civil engineers},
   pages = {325-362},
   publisher = {Thomas Telford-ICE Virtual Library},
   title = {Road paper. some theoretical aspects of road traffic research.},
   volume = {1},
   year = {1952},
}
@article{Manual1964,
   author = {Traffic Assignment Manual},
   journal = {US Department of Commerce, Washington DC},
   title = {Urban planning division},
   year = {1964},
}
@article{Cross1973,
   author = {John G. Cross},
   doi = {10.2307/1882186},
   issn = {00335533},
   issue = {2},
   journal = {The Quarterly Journal of Economics},
   month = {5},
   pages = {239},
   title = {A Stochastic Learning Model of Economic Behavior},
   volume = {87},
   year = {1973},
}
@article{Frank1956,
   author = {Marguerite Frank and Philip Wolfe and  others},
   issue = {1-2},
   journal = {Naval research logistics quarterly},
   pages = {95-110},
   publisher = {Wiley Subscription Services, Inc., A Wiley Company New York},
   title = {An algorithm for quadratic programming},
   volume = {3},
   year = {1956},
}
@article{OBA,
   author = {Hillel Bar-Gera and David Boyce},
   doi = {https://doi.org/10.1016/S0191-2615(02)00020-6},
   issn = {0191-2615},
   issue = {5},
   journal = {Transportation Research Part B: Methodological},
   keywords = {Combined models,Fixed point,Origin-based assignment,Travel forecasting},
   pages = {405-422},
   title = {Origin-based algorithms for combined travel forecasting models},
   volume = {37},
   year = {2003},
}
@article{Zhang2011,
   author = {Lei Zhang},
   doi = {10.3141/2254-01},
   issn = {0361-1981},
   issue = {1},
   journal = {Transportation Research Record: Journal of the Transportation Research Board},
   month = {1},
   pages = {1-10},
   title = {Behavioral Foundation of Route Choice and Traffic Assignment},
   volume = {2254},
   year = {2011},
}
@article{Prashker2004,
   author = {Joseph N. Prashker and Shlomo Bekhor},
   doi = {10.1080/0144164042000181707},
   issn = {0144-1647},
   issue = {4},
   journal = {Transport Reviews},
   month = {7},
   pages = {437-463},
   title = {Route Choice Models Used in the Stochastic User Equilibrium Problem: A Review},
   volume = {24},
   year = {2004},
}
@article{Gardner1970,
   author = {Martin Gardner},
   doi = {10.1038/scientificamerican1070-120},
   issn = {0036-8733},
   issue = {4},
   journal = {Scientific American},
   month = {10},
   pages = {120-123},
   title = {Mathematical Games},
   volume = {223},
   year = {1970},
}